@inproceedings{coates2011analysis,
  added-at = {2013-02-20T09:03:53.000+0100},
  author = {Coates, A. and Lee, H. and Ng, A.Y.},
  biburl = {http://www.bibsonomy.org/bibtex/2bcb2c1fd335ae57362cdf348ff727589/jaeschke},
  booktitle = {Proceedings of the Fourteenth International Conference on Artificial Intelligence and Statistics},
  editor = {Gordon, Geoffrey and Dunson, David and Dud√≠k, Miroslav},
  interhash = {46cfb4b5b1c16c79a966512e07f67158},
  intrahash = {bcb2c1fd335ae57362cdf348ff727589},
  keywords = {feature learning machine ml unsupervised},
  pages = {215--223},
  publisher = {JMLR W\&CP},
  series = {JMLR Workshop and Conference Proceedings},
  timestamp = {2014-07-28T15:57:31.000+0200},
  title = {An analysis of single-layer networks in unsupervised feature learning},
  url = {http://jmlr.csail.mit.edu/proceedings/papers/v15/coates11a.html},
  volume = 15,
  year = 2011
}

@article{conv_kmeans,
  author    = {Aysegul Dundar and
               Jonghoon Jin and
               Eugenio Culurciello},
  title     = {Convolutional Clustering for Unsupervised Learning},
  journal   = {CoRR},
  volume    = {abs/1511.06241},
  year      = {2015},
  url       = {http://arxiv.org/abs/1511.06241},
  timestamp = {Tue, 01 Dec 2015 19:22:34 +0100},
  biburl    = {http://dblp.uni-trier.de/rec/bib/journals/corr/DundarJC15},
  bibsource = {dblp computer science bibliography, http://dblp.org}
}

@article{baidu,
  author    = {Ren Wu and
               Shengen Yan and
               Yi Shan and
               Qingqing Dang and
               Gang Sun},
  title     = {Deep Image: Scaling up Image Recognition},
  journal   = {CoRR},
  volume    = {abs/1501.02876},
  year      = {2015},
  url       = {http://arxiv.org/abs/1501.02876},
  timestamp = {Mon, 02 Feb 2015 14:12:25 +0100},
  biburl    = {http://dblp.uni-trier.de/rec/bib/journals/corr/WuYSDS15},
  bibsource = {dblp computer science bibliography, http://dblp.org}
}

@article{BN,
  author    = {Sergey Ioffe and
               Christian Szegedy},
  title     = {Batch Normalization: Accelerating Deep Network Training by Reducing
               Internal Covariate Shift},
  journal   = {CoRR},
  volume    = {abs/1502.03167},
  year      = {2015},
  url       = {http://arxiv.org/abs/1502.03167},
  timestamp = {Mon, 02 Mar 2015 14:17:34 +0100},
  biburl    = {http://dblp.uni-trier.de/rec/bib/journals/corr/IoffeS15},
  bibsource = {dblp computer science bibliography, http://dblp.org}
}

@article{exemplar,
  author    = {Alexey Dosovitskiy and
               Jost Tobias Springenberg and
               Martin A. Riedmiller and
               Thomas Brox},
  title     = {Discriminative Unsupervised Feature Learning with Convolutional Neural
               Networks},
  journal   = {CoRR},
  volume    = {abs/1406.6909},
  year      = {2014},
  url       = {http://arxiv.org/abs/1406.6909},
  timestamp = {Wed, 01 Apr 2015 20:06:15 +0200},
  biburl    = {http://dblp.uni-trier.de/rec/bib/journals/corr/DosovitskiySRB14},
  bibsource = {dblp computer science bibliography, http://dblp.org}
}


