@article{MCDNN,
  author    = {Dan C. Ciresan and
               Ueli Meier and
               J{\"{u}}rgen Schmidhuber},
  title     = {Multi-column Deep Neural Networks for Image Classification},
  journal   = {CoRR},
  volume    = {abs/1202.2745},
  year      = {2012},
  url       = {http://arxiv.org/abs/1202.2745},
  timestamp = {Fri, 22 Feb 2013 17:34:36 +0100},
  biburl    = {http://dblp.uni-trier.de/rec/bib/journals/corr/abs-1202-2745},
  bibsource = {dblp computer science bibliography, http://dblp.org}
}

@article{ADAM,
  author    = {Diederik P. Kingma and
               Jimmy Ba},
  title     = {Adam: {A} Method for Stochastic Optimization},
  journal   = {CoRR},
  volume    = {abs/1412.6980},
  year      = {2014},
  url       = {http://arxiv.org/abs/1412.6980},
  timestamp = {Thu, 01 Jan 2015 19:51:08 +0100},
  biburl    = {http://dblp.uni-trier.de/rec/bib/journals/corr/KingmaB14},
  bibsource = {dblp computer science bibliography, http://dblp.org}
}

@article{mnist,
  added-at = {2010-06-28T21:16:30.000+0200},
  author = {LeCun, Yann and Cortes, Corinna},
  biburl = {http://www.bibsonomy.org/bibtex/2935bad99fa1f65e03c25b315aa3c1032/mhwombat},
  groups = {public},
  howpublished = {http://yann.lecun.com/exdb/mnist/},
  interhash = {21b9d0558bd66279df9452562df6e6f3},
  intrahash = {935bad99fa1f65e03c25b315aa3c1032},
  keywords = {MSc _checked character_recognition mnist network neural},
  lastchecked = {2016-01-14 14:24:11},
  timestamp = {2016-01-14T15:24:40.000+0100},
  title = {{MNIST} handwritten digit database},
  url = {http://yann.lecun.com/exdb/mnist/},
  username = {mhwombat},
  year = 2010
}

@article{deepbig,
  author    = {Dan Claudiu Ciresan and
               Ueli Meier and
               Luca Maria Gambardella and
               J{\"{u}}rgen Schmidhuber},
  title     = {Deep Big Simple Neural Nets Excel on Handwritten Digit Recognition},
  journal   = {CoRR},
  volume    = {abs/1003.0358},
  year      = {2010},
  url       = {http://arxiv.org/abs/1003.0358},
  timestamp = {Mon, 05 Dec 2011 18:05:12 +0100},
  biburl    = {http://dblp.uni-trier.de/rec/bib/journals/corr/abs-1003-0358},
  bibsource = {dblp computer science bibliography, http://dblp.org}
}

@inproceedings{bestprac,
 author = {Simard, Patrice Y. and Steinkraus, Dave and Platt, John C.},
 title = {Best Practices for Convolutional Neural Networks Applied to Visual Document Analysis},
 booktitle = {Proceedings of the Seventh International Conference on Document Analysis and Recognition - Volume 2},
 series = {ICDAR '03},
 year = {2003},
 isbn = {0-7695-1960-1},
 pages = {958--},
 url = {http://dl.acm.org/citation.cfm?id=938980.939477},
 acmid = {939477},
 publisher = {IEEE Computer Society},
 address = {Washington, DC, USA},
} 
